@misc
{vapix,
author={Axis Communications},
title={API VAPIX},
month={feb},
year={2011},
note={http://www.axis.com/techsup/cam\_servers/dev/\\cam\_http\_api\_index.php}
}

@misc
{android,
author={Google},
title={Android Developers},
month={feb},
year={2011},
note={http://developer.android.com}
}

@book{android_livre,
author = {Reto Meier},
title = {Développement d'applications professionnelles avec Android 2 },
year = {2010},
publisher= {Pearson}}

@book{linux_Mag,
author = {Philippe Prados},
title = {GNU/Linux Magazine, hors-série sur Android},
year = {2011},
publisher= {Diamond}}